@article{brown1992class,
  title={Class-based n-gram models of natural language},
  author={Brown, Peter F and Desouza, Peter V and Mercer, Robert L and Pietra, Vincent J Della and Lai, Jenifer C},
  journal={Computational linguistics},
  volume={18},
  number={4},
  pages={467--479},
  year={1992},
  publisher={MIT Press}
}

@article{deerwester1990indexing,
  title={Indexing by latent semantic analysis},
  author={Deerwester, Scott C. and Dumais, Susan T and Landauer, Thomas K. and Furnas, George W. and Harshman, Richard A.},
  journal={JASIS},
  volume={41},
  number={6},
  pages={391--407},
  year={1990}
}

@article{mikolov2013efficient,
  title={Efficient Estimation of Word Representations in Vector Space},
  author={Mikolov, Tomas and Chen, Kai and Corrado, Greg and Dean, Jeffrey},
  journal={arXiv preprint arXiv:1301.3781},
  year={2013}
}

@InProceedings{saric2012takelab,
  author    = {\v{S}ari\'{c}, Frane  and  Glava\v{s}, Goran  and  Karan, Mladen  
               and  \v{S}najder, Jan  and  Dalbelo Ba\v{s}i\'{c}, Bojana},
  title     = {TakeLab: Systems for Measuring Semantic Text Similarity},
  booktitle = {Proceedings of the Sixth International Workshop on Semantic Evaluation
               {(SemEval 2012)}},
  month     = {7-8 June},
  year      = {2012},
  address   = {Montr\'{e}al, Canada},
  publisher = {Association for Computational Linguistics},
  pages     = {441--448},
  url       = {http://www.aclweb.org/anthology/S12-1060}
}

@phdthesis{liang2005semi,
  title={Semi-supervised learning for natural language},
  author={Liang, Percy},
  year={2005},
  school={Massachusetts Institute of Technology}
}

@inproceedings{gensim_lrec,
      title = {{Software Framework for Topic Modelling with Large Corpora}},
      author = {Radim {\v R}eh{\r u}{\v r}ek and Petr Sojka},
      booktitle = {{Proceedings of the LREC 2010 Workshop on New
           Challenges for NLP Frameworks}},
      pages = {45--50},
      year = 2010,
      month = May,
      day = 22,
      publisher = {ELRA},
      address = {Valletta, Malta},
      note={\url{http://is.muni.cz/publication/884893/en}},
      language={English}
}

@inproceedings{jimenez_softcardinality-core:_2013,
	address = {Atlanta, Georgia, {USA}},
	title = {{SOFTCARDINALITY-CORE:} Improving Text Overlap with Distributional Measures for Semantic Textual Similarity},
	booktitle = {{*SEM} 2013},
	publisher = {{ACL}},
	author = {Jimenez, Sergio and Becerra, Claudia and Gelbukh, Alexander},
	month = jun,
	year = {2013}
}

@book{manning2008introduction,
  title={Introduction to information retrieval},
  author={Manning, Christopher D and Raghavan, Prabhakar and Sch{\"u}tze, Hinrich},
  volume={1},
  year={2008},
  publisher={Cambridge University Press Cambridge}
}
